@article{Snobol,
  title={The SNOBOL4 programming language},
  author={Griswold, Ralph E and Polonsky, Ivan Paul and Poage, JF},
  year={1971},
  publisher={Prentice-Hall}
}

@article{Griswold1983,
 author = {Griswold, Ralph E.},
 title = {Implementing SNOBOL4 Pattern Matching in Icon},
 journal = {Comput. Lang.},
 issue_date = {January, 1983},
 volume = {8},
 number = {2},
 month = jan,
 year = {1983},
 issn = {0096-0551},
 pages = {77--92},
 numpages = {16},
 url = {http://dx.doi.org/10.1016/0096-0551(83)90031-0},
 doi = {10.1016/0096-0551(83)90031-0},
 acmid = {2245626},
 publisher = {Pergamon Press, Inc.},
 address = {Tarrytown, NY, USA},
 keywords = {Icon, Pattern matching, SNOBOL4},
} 